% This file was created with JabRef 2.9.2.
% Encoding: Cp1252

@INPROCEEDINGS{ghtorrent,
  author = {Gousios, Georgios},
  title = {The GHTorent Dataset and Tool Suite},
  booktitle = {Proceedings of the 10th Working Conference on Mining Software Repositories},
  year = {2013},
  series = {MSR '13},
  pages = {233--236},
  address = {Piscataway, NJ, USA},
  publisher = {IEEE Press},
  acmid = {2487132},
  isbn = {978-1-4673-2936-1},
  location = {San Francisco, CA, USA},
  numpages = {4},
  url = {http://dl.acm.org/citation.cfm?id=2487085.2487132}
}

@ARTICLE{challenges,
  author = {Perry, Dewayne E. and Porter, Adam A. and Votta, Lawrence G.},
  title = {Empirical studies of software engineering},
  journal = {Proceedings of the conference on The future of Software engineering
	- ICSE 00},
  year = {2000},
  __markedentry = {[Tim:6]},
  doi = {10.1145/336512.336586},
  isbn = {http://id.crossref.org/isbn/1581132530},
  owner = {Tim},
  publisher = {ACM Press},
  timestamp = {2014.03.31},
  url = {http://dx.doi.org/10.1145/336512.336586}
}

